@book{texbook,
  author = {Donald E. Knuth},
  year = {1986},
  title = {The {\TeX} Book},
  publisher = {Addison-Wesley Professional}
}

@book{ Nelson:1987,
  author = {Edward Nelson},
  title = {Radically Elementary Probability Theory},
  publisher = {Princeton University Press},
  year = {1987}
}


@article{ Goldberg:1991,
  doi = {10.1145/103162.103163},
  url = {https://doi.org/10.1145/103162.103163},
  year = {1991},
  month = mar,
  publisher = {Association for Computing Machinery ({ACM})},
  volume = {23},
  number = {1},
  pages = {5--48},
  author = {David Goldberg},
  title = {What every computer scientist should know about floating-point arithmetic},
  journal = {{ACM} Computing Surveys}
}


@book { Appel:1999,
  author = {Andrew W. Appel},
  title = {Compiling with Continuations},
  publisher = {Cambridge University Press}
}